<record><leader>00000cas a22000007a 4500</leader><controlfield tag="001">10929703</controlfield><controlfield tag="008">840709d18721879iauwr ne      0    0eng d</controlfield><controlfield tag="009">3781</controlfield><datafield ind1=" " ind2=" " tag="010"><subfield code="a">sn 84027163 </subfield></datafield><datafield ind1=" " ind2=" " tag="040"><subfield code="a">NPU</subfield><subfield code="b">eng</subfield><subfield code="c">NPU</subfield><subfield code="d">NPX</subfield><subfield code="d">INP</subfield><subfield code="d">MGN</subfield></datafield><datafield ind1=" " ind2=" " tag="042"><subfield code="a">msc</subfield></datafield><datafield ind1="0" ind2="4" tag="245"><subfield code="a">The Franklin recorder.</subfield></datafield><datafield ind1=" " ind2=" " tag="260"><subfield code="a">Hampton, Franklin County, Iowa :</subfield><subfield code="b">J.C. Whitney,</subfield><subfield code="c">1872-</subfield></datafield><datafield ind1=" " ind2=" " tag="300"><subfield code="a">v. ;</subfield><subfield code="c">56 cm.</subfield></datafield><datafield ind1=" " ind2=" " tag="310"><subfield code="a">Weekly</subfield></datafield><datafield ind1="0" ind2=" " tag="362"><subfield code="a">Vol. 7, no. 14 (Apr. 3, 1872)-</subfield></datafield><datafield ind1="1" ind2=" " tag="362"><subfield code="a">Ceased in 1879.  Cf. Bibl. of Iowa newspapers.</subfield></datafield><datafield ind1=" " ind2=" " tag="500"><subfield code="a">Publisher varies.</subfield></datafield><datafield ind1=" " ind2=" " tag="500"><subfield code="a">Editor: J.C. Harwood, &lt;1876&gt;.</subfield></datafield><datafield ind1=" " ind2=" " tag="500"><subfield code="a">Republican, &lt;1876&gt;.</subfield></datafield><datafield ind1=" " ind2=" " tag="752"><subfield code="a">United States</subfield><subfield code="b">Iowa</subfield><subfield code="c">Franklin</subfield><subfield code="d">Hampton.</subfield></datafield><datafield ind1="0" ind2="4" tag="780"><subfield code="t">Franklin reporter (Hampton, Iowa)</subfield><subfield code="w">(DLC)sn 87058450</subfield></datafield><datafield ind1="0" ind2="4" tag="780"><subfield code="t">Hampton free press</subfield><subfield code="w">(DLC)sn 87058451</subfield></datafield><datafield ind1="0" ind2="7" tag="785"><subfield code="t">Hampton leader</subfield></datafield><datafield ind1="0" ind2="7" tag="785"><subfield code="t">Franklin County recorder</subfield><subfield code="w">(DLC)sn 87058452</subfield></datafield></record>